@online{tfidfsklearn,
        title = {TFIDF Transformer - sklearn},
        date = {2023},
        author = {Scikit-learn},
        url = {https://scikit-learn.org/stable/modules/generated/sklearn.feature_extraction.text.TfidfTransformer.html},
    }

@online{kaggle,
        title = {BBC News Classification},
        date = {2019},
        author = {Kaggle},
        url = {https://www.kaggle.com/c/learn-ai-bbc},
    }

@online{nltk,
        title = {WordNet Lemmatizer},
        date = {2023},
        author = {NLTK},
        url = {https://www.nltk.org/api/nltk.stem.wordnet.html},
    }

@online{gensim,
        title = {Doc2Vec},
        date = {2023},
        author = {Gensim},
        url = {https://radimrehurek.com/gensim/auto_examples/tutorials/run_doc2vec_lee.html},
    }

@online{svm,
        title = {SVM},
        date = {2023},
        author = {Scikit-learn},
        url = {https://scikit-learn.org/stable/modules/generated/sklearn.svm.SVC.html},
    }

@online{cosine,
        title = {Cosine similarity},
        date = {2023},
        author = {Scikit-learn},
        url = {https://scikit-learn.org/stable/modules/generated/sklearn.metrics.pairwise.cosine_similarity.html},
    }

@online{yake,
        title = {Keyword extractor},
        date = {2023},
        author = {Yake},
        url = {https://github.com/LIAAD/yake},
    }